@ARTICLE{Samuel59somestudies,
    author = {Arthur L. Samuel},
    title = {Some studies in machine learning using the game of Checkers},
    journal = {IBM JOURNAL OF RESEARCH AND DEVELOPMENT},
    year = {1959},
    pages = {71--105}
}
@misc{wiki_ml,
title = {Machine Learning},
howpublished = {\url{https://en.wikipedia.org/wiki/Machine_learning}},
note = {Accessed: 09-09-2018}
}
@misc{gen_models,
title = {Generative Models},
howpublished = {\url{https://blog.openai.com/generative-models/}},
note = {Accessed: 09-09-2018}
}

@misc{yanlecunn_gans,
author = {Yann LeCun},
title = {Answer to What are some recent and potentially upcoming breakthroughs in deep learning?},
year = 2016,
month = July,
day = 29,
howpublished = {\url{https://www.quora.com/What-are-some-recent-and-potentially-upcoming-breakthroughs-in-deep-learning}},
urldate =  09-09-2018
}

@ARTICLE{gans_basic,
   author = {{Goodfellow}, I.~J. and {Pouget-Abadie}, J. and {Mirza}, M. and 
	{Xu}, B. and {Warde-Farley}, D. and {Ozair}, S. and {Courville}, A. and 
	{Bengio}, Y.},
    title = "{Generative Adversarial Networks}",
  journal = {ArXiv e-prints},
archivePrefix = "arXiv",
   eprint = {1406.2661},
 primaryClass = "stat.ML",
 keywords = {Statistics - Machine Learning, Computer Science - Machine Learning},
     year = 2014,
    month = jun,
   adsurl = {http://adsabs.harvard.edu/abs/2014arXiv1406.2661G},
  adsnote = {Provided by the SAO/NASA Astrophysics Data System}
}